<record><leader>00000cas a22000007a 4500</leader><controlfield tag="001">23751966</controlfield><controlfield tag="008">910516d19011919nhudr ne      0    0eng d</controlfield><datafield ind1=" " ind2=" " tag="010"><subfield code="a">sn 91063060 </subfield></datafield><datafield ind1=" " ind2=" " tag="040"><subfield code="a">NVH</subfield><subfield code="b">eng</subfield><subfield code="c">NVH</subfield><subfield code="d">OCLCQ</subfield></datafield><datafield ind1=" " ind2=" " tag="042"><subfield code="a">msc</subfield></datafield><datafield ind1="0" ind2=" " tag="130"><subfield code="a">Daily patriot (Concord, N.H. : 1901)</subfield></datafield><datafield ind1="1" ind2="0" tag="245"><subfield code="a">Daily patriot.</subfield></datafield><datafield ind1=" " ind2=" " tag="260"><subfield code="a">Concord, N.H. :</subfield><subfield code="b">People and Patriot</subfield></datafield><datafield ind1=" " ind2=" " tag="300"><subfield code="a">v.</subfield></datafield><datafield ind1=" " ind2=" " tag="310"><subfield code="a">Daily</subfield></datafield><datafield ind1="0" ind2=" " tag="362"><subfield code="a">Vol. 32, no. 81 (Feb. 1, 1901)-v. 34, no. 287 (Oct. 27, 1903) ; 95th year, no. 258 (Oct. 28, 1903)-111th year, no. 152 (Oct. 25, 1919).</subfield></datafield><datafield ind1=" " ind2=" " tag="752"><subfield code="a">United States</subfield><subfield code="b">New Hampshire</subfield><subfield code="c">Merrimack</subfield><subfield code="d">Concord.</subfield></datafield><datafield ind1="0" ind2="0" tag="780"><subfield code="t">Daily people and patriot (Concord, N.H. : 1893)</subfield><subfield code="w">(DLC)sn 91063055</subfield></datafield><datafield ind1="0" ind2="6" tag="785"><subfield code="t">Concord evening patriot</subfield><subfield code="w">(DLC)sn 91063062</subfield></datafield><datafield ind1="0" ind2="6" tag="785"><subfield code="t">Concord morning patriot</subfield><subfield code="w">(DLC)sn 91063061</subfield></datafield></record>